% Copyright (c) 2015 Mihail Atanassov
%
% Permission is hereby granted, free of charge, to any person obtaining a copy
% of this software and associated documentation files (the "Software"), to deal
% in the Software without restriction, including without limitation the rights
% to use, copy, modify, merge, publish, distribute, sublicense, and/or sell
% copies of the Software, and to permit persons to whom the Software is
% furnished to do so, subject to the following conditions:
%
% The above copyright notice and this permission notice shall be included in
% all copies or substantial portions of the Software.
%
% THE SOFTWARE IS PROVIDED "AS IS", WITHOUT WARRANTY OF ANY KIND, EXPRESS OR
% IMPLIED, INCLUDING BUT NOT LIMITED TO THE WARRANTIES OF MERCHANTABILITY,
% FITNESS FOR A PARTICULAR PURPOSE AND NONINFRINGEMENT. IN NO EVENT SHALL THE
% AUTHORS OR COPYRIGHT HOLDERS BE LIABLE FOR ANY CLAIM, DAMAGES OR OTHER
% LIABILITY, WHETHER IN AN ACTION OF CONTRACT, TORT OR OTHERWISE, ARISING FROM,
% OUT OF OR IN CONNECTION WITH THE SOFTWARE OR THE USE OR OTHER DEALINGS IN
% THE SOFTWARE.

%%%=== ONLINE SOURCES ===%%%
@online{ example,
  author       = {{Example Group}},
  title        = {{Some long title}},
  organization = {},
  date         = {2014},
  url          = {http://www.google.com/},
  urldate      = {2014-07},
  addendum     = {website owner BigCorp Inc.}
}

%%%=== MISC SOURCES ===%%%
@misc{ john,
  author       = {John Doe},
  title        = {Personal communication},
  date         = {681-01/2015-02}
}

%%%=== BOOK SOURCES ===%%%
@book{ stl_book,
  author       = {Nicolai M. Josuttis},
  title        = {{The C++ Standard Library - A Tutorial and Reference}},
  publisher    = {Addison-Wesley},
  date         = {1999}
}
